<?xml version="1.0" encoding="UTF-8"?><record xmlns="http://www.loc.gov/MARC21/slim" xmlns:cinclude="http://apache.org/cocoon/include/1.0" xmlns:zs="http://www.loc.gov/zing/srw/">
  <leader>00379nz  a2200133n  4500</leader>
  <controlfield tag="001">no2003032141</controlfield>
  <controlfield tag="003">DLC</controlfield>
  <controlfield tag="005">20030402052126.0</controlfield>
  <controlfield tag="008">030401n| acannaabn          |n aaa     c</controlfield>
  <datafield tag="010" ind1=" " ind2=" ">
    <subfield code="a">no2003032141</subfield>
  </datafield>
  <datafield tag="035" ind1=" " ind2=" ">
    <subfield code="a">(OCoLC)oca06013600</subfield>
  </datafield>
  <datafield tag="040" ind1=" " ind2=" ">
    <subfield code="a">DI-GS</subfield>
    <subfield code="b">eng</subfield>
    <subfield code="c">DI-GS</subfield>
  </datafield>
  <datafield tag="100" ind1="1" ind2=" ">
    <subfield code="a">Ames, Dal</subfield>
  </datafield>
  <datafield tag="670" ind1=" " ind2=" ">
    <subfield code="a">Soil survey of Jerome County and part of Twin Falls County, Idaho, 2003:</subfield>
    <subfield code="b">t.p. (Dal Ames)</subfield>
  </datafield>
</record>